@article{SchroederManfredR1993Abho,
abstract = {This paper retraces, in an informal way, some of the history of speech synthesis and speech research from Von Kempelen's speaking machine to linear prediction.
Diese Arbeit ist ein informeller Abriss der Geschichte der Sprachsynthese und Sprachforschung, beginnend mit Von Kempelens Sprechmaschine bis zur linearen Prädiktion.
Cet article présente, d'une manière informelle, l'historie de la recherche sur la synthèse de la parole depuis la machine à parler de Von Kempelen jusqu'à la prédiction linéaire.},
author = {Schroeder, Manfred R},
address = {Amsterdam},
copyright = {1993},
issn = {0167-6393},
journal = {Speech Communication},
keywords = {recognition ; history ; Speech synthesis ; speech compression ; linear prediction ; Applied sciences ; Speech and sound recognition and synthesis. Linguistics ; Artificial intelligence ; Exact sciences and technology ; Computer science; control theory; systems},
language = {eng},
number = {1},
pages = {231-237},
publisher = {Elsevier B.V},
title = {A brief history of synthetic speech},
volume = {13},
year = {1993},
}

@misc{shen2018natural,
      title={Natural TTS Synthesis by Conditioning WaveNet on Mel Spectrogram Predictions}, 
      author={Jonathan Shen and Ruoming Pang and Ron J. Weiss and Mike Schuster and Navdeep Jaitly and Zongheng Yang and Zhifeng Chen and Yu Zhang and Yuxuan Wang and RJ Skerry-Ryan and Rif A. Saurous and Yannis Agiomyrgiannakis and Yonghui Wu},
      year={2018},
      eprint={1712.05884},
      archivePrefix={arXiv},
      primaryClass={cs.CL}
}
